<record><leader>00000cas a2200000 i 4500</leader><controlfield tag="001">837609307</controlfield><controlfield tag="006">m     o  d        </controlfield><controlfield tag="007">cr |||||||||||</controlfield><controlfield tag="008">130410c18669999tnuwr ne      0   a0eng  </controlfield><datafield ind1=" " ind2=" " tag="010"><subfield code="a">  2013218714</subfield></datafield><datafield ind1=" " ind2=" " tag="040"><subfield code="a">DLC</subfield><subfield code="b">eng</subfield><subfield code="e">rda</subfield><subfield code="c">DLC</subfield><subfield code="d">OCLCQ</subfield><subfield code="d">OCLCF</subfield></datafield><datafield ind1="0" ind2=" " tag="022"><subfield code="a">2328-1073</subfield><subfield code="2">1</subfield></datafield><datafield ind1="1" ind2=" " tag="029"><subfield code="a">NZ1</subfield><subfield code="b">14842280</subfield></datafield><datafield ind1=" " ind2=" " tag="042"><subfield code="a">pcc</subfield><subfield code="a">nsdp</subfield></datafield><datafield ind1=" " ind2=" " tag="043"><subfield code="a">n-us-tn</subfield></datafield><datafield ind1="1" ind2="0" tag="050"><subfield code="a">ISSN RECORD</subfield></datafield><datafield ind1="0" ind2="0" tag="082"><subfield code="a">071</subfield><subfield code="2">23</subfield></datafield><datafield ind1="0" ind2=" " tag="130"><subfield code="a">Pulaski citizen (Pulaski, Tenn. : Online)</subfield></datafield><datafield ind1=" " ind2="4" tag="222"><subfield code="a">The Pulaski citizen</subfield><subfield code="b">(Pulaski, Tenn. Online)</subfield></datafield><datafield ind1="1" ind2="4" tag="245"><subfield code="a">The Pulaski citizen.</subfield></datafield><datafield ind1="1" ind2="7" tag="246"><subfield code="a">Citizen and press</subfield><subfield code="f">Jan. 4, 1871-Mar. 6, 1873</subfield></datafield><datafield ind1="1" ind2=" " tag="246"><subfield code="i">Colophon title:</subfield><subfield code="a">Citizen/press</subfield><subfield code="f">Apr. 16, 1985-</subfield></datafield><datafield ind1="1" ind2=" " tag="246"><subfield code="i">Colophon title:</subfield><subfield code="a">Pulaski citizen and Giles free press</subfield><subfield code="f">Apr. 16, 1985-</subfield></datafield><datafield ind1=" " ind2="1" tag="264"><subfield code="a">Pulaski, Tenn. :</subfield><subfield code="b">L.W. McCord,</subfield><subfield code="c">1866-</subfield></datafield><datafield ind1=" " ind2=" " tag="310"><subfield code="a">Weekly</subfield></datafield><datafield ind1=" " ind2=" " tag="336"><subfield code="a">text</subfield><subfield code="b">txt</subfield><subfield code="2">rdacontent</subfield></datafield><datafield ind1=" " ind2=" " tag="337"><subfield code="a">computer</subfield><subfield code="b">c</subfield><subfield code="2">rdamedia</subfield></datafield><datafield ind1=" " ind2=" " tag="338"><subfield code="a">online resource</subfield><subfield code="b">cr</subfield><subfield code="2">rdacarrier</subfield></datafield><datafield ind1="1" ind2=" " tag="362"><subfield code="a">Began with volume 8, number 1 (Jan. 5, 1866).</subfield></datafield><datafield ind1=" " ind2=" " tag="500"><subfield code="a">Publishers: L.W. McCord, 1866-1869; F.O. McCord &amp; Co., 1869-1870; L.W. McCord, 1871-1873; Citizen Print Co. (L.W. McCord), 1873-1880; Laps D. McCord &amp; Jno. Bateman Smith, 1880-1881; Laps D. McCord &amp; Mrs. John Bateman Smith, 1881-1888; Mrs. Jno. Bateman Smith, 1888-1892; Allen G. Hall, 1892-1894; Frank R. Birdsall &amp; W.B. Romine, 1894; W.B. Romine, 1894-&lt;1941&gt;; J.H. Smith, &lt;1941&gt;-1983; Charles R. Sheriff, 1983-1984; D.L. Hoover, 1984; Hershel Lake [Pulaski Pub. Co.], 1984-</subfield></datafield><datafield ind1=" " ind2=" " tag="500"><subfield code="a">Published 82nd anniversary edition on Jan. 15, 1936.</subfield></datafield><datafield ind1=" " ind2=" " tag="530"><subfield code="a">Also issued in print.</subfield></datafield><datafield ind1=" " ind2=" " tag="588"><subfield code="a">Description based on print version record.</subfield></datafield><datafield ind1=" " ind2=" " tag="588"><subfield code="a">Latest issue consulted: Vol. 18, num. 52 (December 28, 1876) (Chroniclingamerica.loc.gov, viewed Apr. 10, 2013).</subfield></datafield><datafield ind1=" " ind2="0" tag="651"><subfield code="a">Pulaski (Tenn.)</subfield><subfield code="v">Newspapers.</subfield></datafield><datafield ind1=" " ind2="0" tag="651"><subfield code="a">Giles County (Tenn.)</subfield><subfield code="v">Newspapers.</subfield></datafield><datafield ind1=" " ind2="7" tag="655"><subfield code="a">Newspapers.</subfield><subfield code="2">fast</subfield><subfield code="0">(OCoLC)fst01423814</subfield></datafield><datafield ind1=" " ind2="7" tag="651"><subfield code="a">Tennessee</subfield><subfield code="z">Giles County.</subfield><subfield code="2">fast</subfield><subfield code="0">(OCoLC)fst01221122</subfield></datafield><datafield ind1=" " ind2="7" tag="651"><subfield code="a">Tennessee</subfield><subfield code="z">Pulaski.</subfield><subfield code="2">fast</subfield><subfield code="0">(OCoLC)fst01224307</subfield></datafield><datafield ind1=" " ind2=" " tag="752"><subfield code="a">United States</subfield><subfield code="b">Tennessee</subfield><subfield code="c">Giles</subfield><subfield code="d">Pulaski.</subfield></datafield><datafield ind1="0" ind2=" " tag="775"><subfield code="t">Daily citizen (Pulaski, Tenn. : Online)</subfield></datafield><datafield ind1="1" ind2=" " tag="776"><subfield code="t">Pulaski citizen (Pulaski, Tenn.)</subfield><subfield code="x">2328-1065</subfield><subfield code="w">(DLC)sn 85033964</subfield><subfield code="w">(OCoLC)12351972</subfield></datafield><datafield ind1="0" ind2="0" tag="780"><subfield code="t">Independent citizen (Pulaski, Tenn. : Online)</subfield></datafield><datafield ind1="0" ind2="5" tag="780"><subfield code="t">Giles press (Online)</subfield><subfield code="g">Dec. 21, 1871</subfield></datafield><datafield ind1="4" ind2="1" tag="856"><subfield code="u">http://www.loc.gov/chroniclingamerica/lccn/sn85033964/issues</subfield></datafield></record>